<?xml version="1.0" encoding="UTF-8"?><record xmlns="http://www.loc.gov/MARC21/slim" xmlns:cinclude="http://apache.org/cocoon/include/1.0" xmlns:zs="http://www.loc.gov/zing/srw/">
  <leader>00737cz  a2200157n  4500</leader>
  <controlfield tag="001">n  84166829 </controlfield>
  <controlfield tag="003">DLC</controlfield>
  <controlfield tag="005">20010313071951.0</controlfield>
  <controlfield tag="008">841113nc acannaabn          |a ana      </controlfield>
  <datafield tag="010" ind1=" " ind2=" ">
    <subfield code="a">n  84166829 </subfield>
  </datafield>
  <datafield tag="035" ind1=" " ind2=" ">
    <subfield code="a">(OCoLC)oca01223213</subfield>
  </datafield>
  <datafield tag="040" ind1=" " ind2=" ">
    <subfield code="a">DLC</subfield>
    <subfield code="b">eng</subfield>
    <subfield code="c">DLC</subfield>
    <subfield code="d">DLC</subfield>
    <subfield code="d">OCoLC</subfield>
  </datafield>
  <datafield tag="110" ind1="2" ind2=" ">
    <subfield code="a">Zhong gong Shanxi Sheng wei (Taiyuan, Shanxi Sheng, China).</subfield>
    <subfield code="b">Zheng ce yan jiu shi.</subfield>
    <subfield code="b">Nong ye chu</subfield>
  </datafield>
  <datafield tag="410" ind1="2" ind2=" ">
    <subfield code="a">Zhong gong Shanxi Sheng wei zheng ce yan jiu shi nong ye chu (Taiyuan, Shanxi Sheng, China)</subfield>
  </datafield>
  <datafield tag="410" ind1="2" ind2=" ">
    <subfield code="w">nnea</subfield>
    <subfield code="a">Chung kung Shan-hsi sheng wei (Taiyuan, Shanxi Sheng, China).</subfield>
    <subfield code="b">Cheng tsʻe yen chiu shih.</subfield>
    <subfield code="b">Nung yeh chʻu</subfield>
  </datafield>
  <datafield tag="670" ind1=" " ind2=" ">
    <subfield code="a">Kʻai tʻo shang pʻin liang ... 1983:</subfield>
    <subfield code="b">t.p. (Chung kung Shan-hsi sheng wei cheng tsʻe yen chiu shih nung yeh chʻu)</subfield>
  </datafield>
</record>